@article{zimmerman1999global,
    title={Global climate change and transportation infrastructure: lessons from the New York area},
    author={Zimmerman, Rae},
    journal={Development},
    volume={11},
    number={A17},
    year={1999}
}
